@article{PhysRevLett.115.250602,
  title = {Decision Making in the Arrow of Time},
  author = {Rold\'an, \'Edgar and Neri, Izaak and D\"orpinghaus, Meik and Meyr, Heinrich and J\"ulicher, Frank},
  journal = {Phys. Rev. Lett.},
  volume = {115},
  issue = {25},
  pages = {250602},
  numpages = {5},
  year = {2015},
  month = {Dec},
  publisher = {American Physical Society},
  doi = {10.1103/PhysRevLett.115.250602},
  url = {https://link.aps.org/doi/10.1103/PhysRevLett.115.250602}
}

@article{gaspard2004time,
  title={Time-reversed dynamical entropy and irreversibility in Markovian random processes},
  author={Gaspard, Pierre},
  journal={Journal of statistical physics},
  volume={117},
  pages={599--615},
  year={2004},
  publisher={Springer}
}

@book{tauber2014critical,
  title={Critical dynamics: a field theory approach to equilibrium and non-equilibrium scaling behavior},
  author={T{\"a}uber, Uwe C},
  year={2014},
  publisher={Cambridge University Press}
}

@article{sekimoto1998langevin,
  title={Langevin equation and thermodynamics},
  author={Sekimoto, Ken},
  journal={Progress of Theoretical Physics Supplement},
  volume={130},
  pages={17--27},
  year={1998},
  publisher={Oxford Academic}
}

@article{kullback1951information,
  title={On information and sufficiency},
  author={Kullback, Solomon and Leibler, Richard A},
  journal={The annals of mathematical statistics},
  volume={22},
  number={1},
  pages={79--86},
  year={1951},
  publisher={JSTOR}
}